@BOOK {bptstatystyka,
	author    = "Beata Pułaska-Turyna",
	title     = "Statystyka dla ekonomistów. Wydanie III zmienione.",
	publisher = "Difin SA",
	year      = "2011"
}

@BOOK {wielowymiarowymodelregresjiliniowej2014,
	title = "Wielowymiarowy Model Regresji Liniowej",
	author  = "Małgorzata Lebiedź, Agnieszka Weinstok, Ewelina Wolska, Karolina Zyskowska",
	publisher = "Politechnika Gdańska",
	year   = "2014",
	url    = "http://www.mif.pg.gda.pl/homepages/kdz/StatystykaII/Rozdzial7b.pdf"
}

@BOOK {martinabremer2012,
	author    = "Martina Bremer",
	title     = "Math 261A",
	publisher = "SAN JOSÉ STATE UNIVERSITY",
	year      = "2012"
}

@ONLINE{wagner_wenzel_latham_onderka_2016,
	title="A Tour of C\# - C\# Guide",
	url="https://docs.microsoft.com/en-us/dotnet/csharp/tour-of-csharp/index",
	journal="Microsoft Docs",
	publisher="Microsoft",
	author="Wagner, Bill and Wenzel, Maira and Latham, Luke and Onderka, Petr",
	year="2016",
	month="Aug"
}

@BOOK {jamesgoslingbilljoyguysteelegiladbrachaalexbuckley2015,
	author    = "James Gosling, Bill Joy, Guy Steele, Gilad Bracha, Alex Buckley",
	title     = "The Java® Language Specification. Java SE 8 Edition.",
	publisher = "Oracle America, Inc",
	year      = "2015"
}

@BOOK {davidflanagan2006,
	author    = "David Flanagan",
	title     = "Javascript: The Definitive Guide. Fifth Edition.",
	publisher = "O'Reilly Media, Inc.",
	year      = "2006"
}

@BOOK {davidflanaganyukihiromatsimoto2008,
	author    = "David Flanagan, Yukihiro Matsimoto",
	title     = "The Ruby Programming Language: Everything You Need to Know",
	publisher = "O'Reilly Media, Inc.",
	year      = "2008"
}